
@misc{chatgpt_2023,
   title = {{ChatGPT}: A Chatbot for Large Language Models},
   url = {https://chat.openai.com/},
   shorttitle = {{ChatGPT}},
   author = {OpenAI},
   keywords = {AITool},
   year = {2023},
   note = {Used for code and formulations.},
}

@misc{codeium_2023,
   title = {{Codeium}: A Free AI-Powered Toolkit},
   url = {https://codeium.com/},
   shorttitle = {{Codeium}},
   author = {Exafunction},
   keywords = {AITool},
   year = {2023},
   note = {Used for code.}
}

@misc{wolfram_alpha_2023,
   title = {{Wolfram Alpha}: A Free AI-Powered Toolkit},
   url = {https://wolframalpha.com/},
   shorttitle = {{Wolfram Alpha}},
   author = {Wolfram|Alpha LLC},
   keywords = {AITool},
   year = {2023},
   note = {Used for plotting graphs.}
}


