
@misc{graph_relu_function,
   title = {{Graph for ReLU Function}},
   shorttitle = {{ReLU}},
   author = {L. H., Author},
   keywords = {ImageResource},
   year = {2023},
   note = {Plotted with Python and Matplotlib by the Author},
}


@misc{img_rnn_architecture,
   title = {{Image RNN Architecture}},
   shorttitle = {{RNNArch}},
   author = {L. H., Author},
   keywords = {ImageResource},
   year = {2023},
   note = {Own creation},
}


@misc{results_demonstration1,
   title = {{Graphical Results Demonstration 1}},
   shorttitle = {{Results1}},
   author = {L. H., Author},
   keywords = {ImageResource},
   year = {2023},
   note = {Own creation, output of model in demonstration},
}


